@BOOK{interleaving,
  TITLE = {Guide To Elliptic Curve Cryptography},
  AUTHOR = {Darrel Hankerson and Alfred Menezes and Scott Vanstone},
  CHAPTER = {3, Elliptic Curve Arithmetic},
  PAGES = {111--112},
  YEAR = {2014}
}

@article{ecdsa1,
author = {Scott Vanstone},
title = {Responses to NISTâ€™s Proposal},
year = {1992}
}

@book{ecdlp1,
author = "Song Y. Yan",
title = "Quantum Computational Number Theory",
year = "2015",
publisher = "Springer",
chapter = "5, Quantum Computing for Elliptic Curve Discrete Logarithms",
pages = "173-174"
}

@BOOK{ecdlp2,
  TITLE = {Guide To Elliptic Curve Cryptography},
  AUTHOR = {Darrel Hankerson and Alfred Menezes and Scott Vanstone},
  CHAPTER = {4, Cryptographic Protocols},
  PAGES = {153--155},
  YEAR = {2014}
}

@book{ecdlp3,
author = "Song Y. Yan",
title = "Quantum Computational Number Theory",
year = "2015",
publisher = "Springer",
chapter = "5, Quantum Computing for Elliptic Curve Discrete Logarithms",
pages = "193-194"
}
